@incollection{kerautret2008comparison,
  title={Comparison of discrete curvature estimators and application to corner detection},
  author={Kerautret, Bertrand and Lachaud, J-O and Naegel, Beno{\^\i}t},
  booktitle={Advances in Visual Computing},
  pages={710--719},
  year={2008},
  publisher={Springer}
}

@inproceedings{nguyen2007curvature,
  title={Curvature estimation in noisy curves},
  author={Nguyen, Thanh Phuong and Debled-Rennesson, Isabelle},
  booktitle={Computer Analysis of Images and Patterns},
  pages={474--481},
  year={2007},
  organization={Springer}
}

@inproceedings{kerautret2008robust,
  title={Robust estimation of curvature along digital contours with global optimization},
  author={Kerautret, Bertrand and Lachaud, Jacques-Olivier},
  booktitle={Discrete Geometry for Computer Imagery},
  pages={334--345},
  year={2008},
  organization={Springer}
}

@inproceedings{malgouyres2008binomial,
  title={Binomial convolutions and derivatives estimation from noisy discretizations},
  author={Malgouyres, R{\'e}my and Brunet, Florent and Fourey, S{\'e}bastien},
  booktitle={Discrete Geometry for Computer Imagery},
  pages={370--379},
  year={2008},
  organization={Springer}
}